<?xml version="1.0" encoding="UTF-8"?>
<collection xmlns='http://www.loc.gov/MARC21/slim' xmlns:xsi='http://www.w3.org/2001/XMLSchema-instance' xsi:schemaLocation='http://www.loc.gov/MARC21/slim http://www.loc.gov/standards/marcxml/schema/MARC21slim.xsd'>
    <record>
        <leader>01168nam  2200385Ia 4500</leader>
        <controlfield tag="005">20210714130252.0</controlfield>
        <controlfield tag="008">990603s1999    ne a          000 0 eng d</controlfield>
        <controlfield tag="001">990008915090106761</controlfield>
        <datafield tag="020" ind1=" " ind2=" ">
            <subfield code="a">9071570231 (pbk.)</subfield>
        </datafield>
        <datafield tag="035" ind1=" " ind2=" ">
            <subfield code="a">(MCM)000891509</subfield>
        </datafield>
        <datafield tag="035" ind1=" " ind2=" ">
            <subfield code="a">(MCM)000891509MIT01</subfield>
        </datafield>
        <datafield tag="035" ind1=" " ind2=" ">
            <subfield code="a">(OCoLC)41479068</subfield>
        </datafield>
        <datafield tag="040" ind1=" " ind2=" ">
            <subfield code="a">FBR</subfield>
            <subfield code="c">FBR</subfield>
            <subfield code="d">MYG</subfield>
        </datafield>
        <datafield tag="049" ind1=" " ind2=" ">
            <subfield code="a">MYGG</subfield>
        </datafield>
        <datafield tag="090" ind1=" " ind2=" ">
            <subfield code="a">NA2750</subfield>
            <subfield code="b">.M34 1999</subfield>
        </datafield>
        <datafield tag="092" ind1="0" ind2=" ">
            <subfield code="a">720.1</subfield>
            <subfield code="2">21</subfield>
        </datafield>
        <datafield tag="100" ind1="1" ind2=" ">
            <subfield code="a">Magyar, P\xc3\xa9ter.</subfield>
        </datafield>
        <datafield tag="245" ind1="1" ind2="0">
            <subfield code="a">Thought palaces /</subfield>
            <subfield code="c">Peter Magyar.</subfield>
        </datafield>
        <datafield tag="260" ind1=" " ind2=" ">
            <subfield code="a">Amsterdam :</subfield>
            <subfield code="b">Architectura &amp; Natura Press,</subfield>
            <subfield code="c">c1999.</subfield>
        </datafield>
        <datafield tag="300" ind1=" " ind2=" ">
            <subfield code="a">333 p. :</subfield>
            <subfield code="b">ill. ; 24 cm.</subfield>
        </datafield>
        <datafield tag="336" ind1=" " ind2=" ">
            <subfield code="a">text</subfield>
            <subfield code="b">txt</subfield>
            <subfield code="2">rdacontent</subfield>
        </datafield>
        <datafield tag="337" ind1=" " ind2=" ">
            <subfield code="a">unspecified</subfield>
            <subfield code="b">z</subfield>
            <subfield code="2">rdamedia</subfield>
        </datafield>
        <datafield tag="338" ind1=" " ind2=" ">
            <subfield code="a">unspecified</subfield>
            <subfield code="b">zu</subfield>
            <subfield code="2">rdacarrier</subfield>
        </datafield>
        <datafield tag="504" ind1=" " ind2=" ">
            <subfield code="a">Includes bibliographical references (p. 16).</subfield>
        </datafield>
        <datafield tag="599" ind1=" " ind2=" ">
            <subfield code="a">10891509</subfield>
        </datafield>
        <datafield tag="650" ind1=" " ind2="0">
            <subfield code="a">Architectural design.</subfield>
        </datafield>
        <datafield tag="650" ind1=" " ind2="0">
            <subfield code="a">Architecture</subfield>
            <subfield code="x">Philosophy.</subfield>
        </datafield>
        <datafield tag="793" ind1=" " ind2=" ">
            <subfield code="a">Thought palaces</subfield>
            <subfield code="g">2000005118 200006007</subfield>
        </datafield>
        <datafield tag="900" ind1="0" ind2=" ">
            <subfield code="b">RTC</subfield>
            <subfield code="d">STACK</subfield>
            <subfield code="f">NA2750.M34 1999</subfield>
            <subfield code="8">22527227150006761</subfield>
        </datafield>
        <datafield tag="985" ind1=" " ind2=" ">
            <subfield code="u">1</subfield>
            <subfield code="j">0</subfield>
            <subfield code="aa">STACK</subfield>
            <subfield code="v">false</subfield>
            <subfield code="t">BOOK</subfield>
            <subfield code="s">39080015616003</subfield>
            <subfield code="z">STACK</subfield>
            <subfield code="a">23527227120006761</subfield>
            <subfield code="c">01</subfield>
            <subfield code="bb">NA2750.M34 1999</subfield>
            <subfield code="h">RTC</subfield>
            <subfield code="i">RTC</subfield>
        </datafield>
    </record>