
    <record>
        <leader>02007nam  2200481   4500</leader>
        <controlfield tag="005">20210822074144.0</controlfield>
        <controlfield tag="008">740426s1974    nyu      b    101 0 eng  </controlfield>
        <controlfield tag="001">990000101910106761</controlfield>
        <datafield tag="010" ind1=" " ind2=" ">
            <subfield code="a">   73088720</subfield>
        </datafield>
        <datafield tag="020" ind1=" " ind2=" ">
            <subfield code="a">0914362097</subfield>
        </datafield>
        <datafield tag="035" ind1=" " ind2=" ">
            <subfield code="a">(MCM)000010191</subfield>
        </datafield>
        <datafield tag="035" ind1=" " ind2=" ">
            <subfield code="a">(MCM)000010191MIT01</subfield>
        </datafield>
        <datafield tag="035" ind1=" " ind2=" ">
            <subfield code="a">(OCoLC)00902533</subfield>
        </datafield>
        <datafield tag="040" ind1=" " ind2=" ">
            <subfield code="a">DLC</subfield>
            <subfield code="c">DLC</subfield>
            <subfield code="d">MYG</subfield>
        </datafield>
        <datafield tag="043" ind1=" " ind2=" ">
            <subfield code="a">a-cc---</subfield>
        </datafield>
        <datafield tag="049" ind1=" " ind2=" ">
            <subfield code="a">MYGH</subfield>
            <subfield code="c">[769195]</subfield>
            <subfield code="a">MYGR</subfield>
            <subfield code="c">[758319]</subfield>
        </datafield>
        <datafield tag="050" ind1="0" ind2=" ">
            <subfield code="a">R601</subfield>
            <subfield code="b">.M43</subfield>
        </datafield>
        <datafield tag="099" ind1=" " ind2=" ">
            <subfield code="a">R601.M43</subfield>
        </datafield>
        <datafield tag="245" ind1="0" ind2="0">
            <subfield code="a">Medicine and society in China;</subfield>
            <subfield code="c">report of a conference sponsored jointly by the National Library of Medicine and the Josiah Macy, Jr. Foundation. Edited by John Z. Bowers and Elizabeth F. Purcell.</subfield>
        </datafield>
        <datafield tag="260" ind1=" " ind2=" ">
            <subfield code="a">New York,</subfield>
            <subfield code="b">Josiah Macy, Jr. Foundation</subfield>
            <subfield code="c">[1974]</subfield>
        </datafield>
        <datafield tag="300" ind1=" " ind2=" ">
            <subfield code="a">vii, 176 p.</subfield>
            <subfield code="c">23 cm.</subfield>
        </datafield>
        <datafield tag="336" ind1=" " ind2=" ">
            <subfield code="a">text</subfield>
            <subfield code="b">txt</subfield>
            <subfield code="2">rdacontent</subfield>
        </datafield>
        <datafield tag="337" ind1=" " ind2=" ">
            <subfield code="a">unmediated</subfield>
            <subfield code="b">n</subfield>
            <subfield code="2">rdamedia</subfield>
        </datafield>
        <datafield tag="338" ind1=" " ind2=" ">
            <subfield code="a">volume</subfield>
            <subfield code="b">nc</subfield>
            <subfield code="2">rdacarrier</subfield>
        </datafield>
        <datafield tag="490" ind1="1" ind2=" ">
            <subfield code="a">The Macy Foundation series on medicine and public health in China</subfield>
        </datafield>
        <datafield tag="583" ind1="1" ind2=" ">
            <subfield code="a">committed to retain</subfield>
            <subfield code="c">20170930</subfield>
            <subfield code="d">20421231</subfield>
            <subfield code="f">HathiTrust</subfield>
            <subfield code="u">https://www.hathitrust.org/shared%5Fprint%5Fprogram</subfield>
            <subfield code="5">MCM</subfield>
        </datafield>
        <datafield tag="504" ind1=" " ind2=" ">
            <subfield code="a">Includes bibliographical references.</subfield>
        </datafield>
        <datafield tag="650" ind1=" " ind2="0">
            <subfield code="a">Medicine</subfield>
            <subfield code="z">China</subfield>
            <subfield code="x">History</subfield>
            <subfield code="v">Congresses.</subfield>
        </datafield>
        <datafield tag="650" ind1=" " ind2="0">
            <subfield code="a">Public health</subfield>
            <subfield code="z">China</subfield>
            <subfield code="v">Congresses.</subfield>
        </datafield>
        <datafield tag="655" ind1=" " ind2="7">
            <subfield code="a">Conference papers and proceedings.</subfield>
            <subfield code="2">lcgft</subfield>
        </datafield>
        <datafield tag="700" ind1="1" ind2=" ">
            <subfield code="a">Bowers, John Z.,</subfield>
            <subfield code="d">1913-1993.</subfield>
        </datafield>
        <datafield tag="700" ind1="1" ind2=" ">
            <subfield code="a">Purcell, Elizabeth.</subfield>
        </datafield>
        <datafield tag="710" ind1="2" ind2=" ">
            <subfield code="a">National Library of Medicine (U.S.)</subfield>
        </datafield>
        <datafield tag="710" ind1="2" ind2=" ">
            <subfield code="a">Josiah Macy, Jr. Foundation.</subfield>
        </datafield>
        <datafield tag="711" ind1="2" ind2=" ">
            <subfield code="a">Conference on Medicine and Society in China</subfield>
            <subfield code="d">(1973)</subfield>
        </datafield>
        <datafield tag="830" ind1=" " ind2="0">
            <subfield code="a">Macy Foundation series on medicine and public health in China.</subfield>
        </datafield>
        <datafield tag="900" ind1="0" ind2=" ">
            <subfield code="b">LSA</subfield>
            <subfield code="d">OCC</subfield>
            <subfield code="f">R601.M43</subfield>
            <subfield code="8">22527225770006761</subfield>
        </datafield>
        <datafield tag="900" ind1="0" ind2=" ">
            <subfield code="b">HUM</subfield>
            <subfield code="d">STACK</subfield>
            <subfield code="f">R601.M43</subfield>
            <subfield code="8">22527225790006761</subfield>
        </datafield>
        <datafield tag="985" ind1=" " ind2=" ">
            <subfield code="u">1</subfield>
            <subfield code="j">0</subfield>
            <subfield code="aa">STACK</subfield>
            <subfield code="v">false</subfield>
            <subfield code="t">BOOK</subfield>
            <subfield code="s">39080000528593</subfield>
            <subfield code="z">STACK</subfield>
            <subfield code="a">23527225780006761</subfield>
            <subfield code="c">01</subfield>
            <subfield code="bb">R601.M43</subfield>
            <subfield code="h">HUM</subfield>
            <subfield code="i">HUM</subfield>
        </datafield>
        <datafield tag="985" ind1=" " ind2=" ">
            <subfield code="u">1</subfield>
            <subfield code="j">0</subfield>
            <subfield code="aa">OCC</subfield>
            <subfield code="v">false</subfield>
            <subfield code="t">BOOK</subfield>
            <subfield code="s">39080019409462</subfield>
            <subfield code="z">OCC</subfield>
            <subfield code="a">23527225760006761</subfield>
            <subfield code="c">15</subfield>
            <subfield code="bb">R601.M43</subfield>
            <subfield code="h">LSA</subfield>
            <subfield code="i">LSA</subfield>
        </datafield>
    </record>
</collection>